<record><leader>00000cas a22000007a 4500</leader><controlfield tag="001">1518643</controlfield><controlfield tag="008">750807d19621976mnuwr ne      0    0eng d</controlfield><datafield ind1=" " ind2=" " tag="010"><subfield code="a">sn 89064973 </subfield></datafield><datafield ind1=" " ind2=" " tag="040"><subfield code="a">MUL</subfield><subfield code="b">eng</subfield><subfield code="c">MUL</subfield><subfield code="d">OCL</subfield><subfield code="d">MN#</subfield><subfield code="d">OCLCQ</subfield><subfield code="d">OCLCF</subfield><subfield code="d">OCLCO</subfield></datafield><datafield ind1="1" ind2=" " tag="029"><subfield code="a">AU@</subfield><subfield code="b">000025865909</subfield></datafield><datafield ind1=" " ind2=" " tag="042"><subfield code="a">msc</subfield></datafield><datafield ind1=" " ind2=" " tag="043"><subfield code="a">n-us-mn</subfield></datafield><datafield ind1=" " ind2=" " tag="052"><subfield code="a">4144</subfield><subfield code="b">A8</subfield></datafield><datafield ind1=" " ind2=" " tag="052"><subfield code="a">4143</subfield><subfield code="b">S2</subfield></datafield><datafield ind1="0" ind2="0" tag="245"><subfield code="a">East Range journal-facts.</subfield></datafield><datafield ind1="3" ind2="0" tag="246"><subfield code="a">East Range journal facts</subfield></datafield><datafield ind1=" " ind2=" " tag="260"><subfield code="a">Aurora, Minn. :</subfield><subfield code="b">East Range Pub. Co.,</subfield><subfield code="c">1962-1976.</subfield></datafield><datafield ind1=" " ind2=" " tag="300"><subfield code="a">15 v.</subfield></datafield><datafield ind1=" " ind2=" " tag="310"><subfield code="a">Weekly</subfield></datafield><datafield ind1="0" ind2=" " tag="362"><subfield code="a">Vol. 29, no. 50 (Dec. 13, 1962)-v. 43, no. 52 (Dec. 24, 1976).</subfield></datafield><datafield ind1=" " ind2=" " tag="530"><subfield code="a">Available on microfilm from the Minnesota Historical Society.</subfield></datafield><datafield ind1=" " ind2="0" tag="651"><subfield code="a">Atwater (Minn.)</subfield><subfield code="v">Newspapers.</subfield></datafield><datafield ind1=" " ind2="7" tag="655"><subfield code="a">Newspapers.</subfield><subfield code="2">fast</subfield><subfield code="0">(OCoLC)fst01423814</subfield></datafield><datafield ind1=" " ind2="7" tag="651"><subfield code="a">Minnesota</subfield><subfield code="z">Atwater.</subfield><subfield code="2">fast</subfield><subfield code="0">(OCoLC)fst01254619</subfield></datafield><datafield ind1=" " ind2=" " tag="752"><subfield code="a">United States</subfield><subfield code="b">Minnesota</subfield><subfield code="c">Saint Louis</subfield><subfield code="d">Aurora.</subfield></datafield><datafield ind1="0" ind2="4" tag="780"><subfield code="t">Journal (Aurora, Minn.)</subfield><subfield code="w">(DLC)sn 90059113</subfield></datafield><datafield ind1="0" ind2="4" tag="780"><subfield code="t">Range facts (Virginia, Minn.)</subfield><subfield code="w">(DLC)sn 89064972</subfield></datafield><datafield ind1="0" ind2="5" tag="780"><subfield code="t">Hoyt Lakes pellet</subfield><subfield code="w">(DLC)sn 90059216</subfield></datafield><datafield ind1="0" ind2="0" tag="785"><subfield code="t">Range facts (Aurora, Minn.)</subfield><subfield code="w">(DLC)sn 90059114</subfield></datafield></record>